<record><leader>00000cas a22000007a 4500</leader><controlfield tag="001">10199338</controlfield><controlfield tag="008">831208c198u9999aluwr ne      0   a0eng d</controlfield><datafield ind1=" " ind2=" " tag="010"><subfield code="a">sn 83005367 </subfield></datafield><datafield ind1=" " ind2=" " tag="040"><subfield code="a">NSD</subfield><subfield code="b">eng</subfield><subfield code="c">NSD</subfield><subfield code="d">CPN</subfield><subfield code="d">OCLCQ</subfield></datafield><datafield ind1=" " ind2=" " tag="012"><subfield code="m">1</subfield></datafield><datafield ind1="1" ind2=" " tag="022"><subfield code="a">0746-6277</subfield><subfield code="l">0746-6277</subfield><subfield code="2">1</subfield></datafield><datafield ind1=" " ind2=" " tag="032"><subfield code="a">707590</subfield><subfield code="b">USPS</subfield></datafield><datafield ind1=" " ind2=" " tag="037"><subfield code="b">Springville Pub. Co., 539 Main St., Springville, AL 35146</subfield></datafield><datafield ind1=" " ind2=" " tag="042"><subfield code="a">nsdp</subfield></datafield><datafield ind1=" " ind2="4" tag="222"><subfield code="a">The St. Clair clarion</subfield></datafield><datafield ind1="0" ind2="4" tag="245"><subfield code="a">The St. Clair clarion.</subfield></datafield><datafield ind1="3" ind2="0" tag="246"><subfield code="a">Saint Clair clarion</subfield></datafield><datafield ind1=" " ind2=" " tag="260"><subfield code="a">Springville, AL :</subfield><subfield code="b">Gary L. Shults</subfield></datafield><datafield ind1=" " ind2=" " tag="310"><subfield code="a">Weekly</subfield></datafield><datafield ind1=" " ind2=" " tag="588"><subfield code="a">Description based on: Vol. 2, no. 1 (Jan. 5, 1982).</subfield></datafield><datafield ind1=" " ind2=" " tag="752"><subfield code="a">United States</subfield><subfield code="b">Alabama</subfield><subfield code="c">St. Clair</subfield><subfield code="d">Springville.</subfield></datafield><datafield ind1="1" ind2=" " tag="029"><subfield code="a">AU@</subfield><subfield code="b">000025783743</subfield></datafield></record>